<?xml version="1.0" encoding="UTF-8"?><collection xmlns="http://www.loc.gov/MARC21/slim"><record><leader>00442nam--2200145-i-4500</leader><controlfield tag="001">000031109</controlfield><controlfield tag="002">20161230</controlfield><controlfield tag="005">20161230201038</controlfield><controlfield tag="008">060222s1000------------r-----000-0-eng-d</controlfield><datafield ind1=" " ind2=" " tag="080"><subfield code="a">537.12(042)</subfield></datafield><datafield ind1=" " ind2=" " tag="100"><subfield code="a">Lodge, Oliver</subfield></datafield><datafield ind1=" " ind2=" " tag="245"><subfield code="a">Sur les electrons.conference. traduite de l`anglais par e.nugues, j.peridier. preface de p.langevin</subfield></datafield><datafield ind1=" " ind2=" " tag="260"><subfield code="a">Paris, Gauthier-villars, 1906. Xiii+168p</subfield></datafield><datafield ind1=" " ind2=" " tag="490"><subfield code="a">Actualites Scientifiques</subfield></datafield><datafield ind1=" " ind2=" " tag="852"><subfield code="a">1860</subfield></datafield></record></collection>